@incollection{lloyd2012artisynth,
  title={ArtiSynth: A fast interactive biomechanical modeling toolkit combining multibody and finite element simulation},
  author={Lloyd, John E and Stavness, Ian and Fels, Sidney},
  booktitle={Soft tissue biomechanical modeling for computer assisted surgery},
  pages={355--394},
  year={2012},
  publisher={Springer}
}
